<?xml version="1.0" encoding="UTF-8"?><collection xmlns="http://www.loc.gov/MARC21/slim"><record><leader>00526nam--2200205-i-4500</leader><controlfield tag="001">000021681</controlfield><controlfield tag="002">20161230</controlfield><controlfield tag="005">20161230201034</controlfield><controlfield tag="008">060222s1000------------r-----000-0-fre-d</controlfield><datafield ind1=" " ind2=" " tag="040"><subfield code="a">IFIN-HH</subfield></datafield><datafield ind1=" " ind2=" " tag="041"><subfield code="a">fre</subfield></datafield><datafield ind1="1" ind2=" " tag="100"><subfield code="a">Giet, A</subfield></datafield><datafield ind1="1" ind2="0" tag="245"><subfield code="a">Mecanique appliquee</subfield><subfield code="c">A. Giet, L. Geminard</subfield></datafield><datafield ind1=" " ind2=" " tag="260"><subfield code="a">Paris, Dunod, 1959</subfield></datafield><datafield ind1=" " ind2=" " tag="300"><subfield code="a">2 vol</subfield></datafield><datafield ind1="1" ind2=" " tag="700"><subfield code="a">Geminard L</subfield></datafield><datafield ind1="0" ind2=" " tag="787"><subfield code="a">Vol. 1</subfield><subfield code="h">429 p</subfield><subfield code="t">Resistance des materiaux</subfield></datafield><datafield ind1=" " ind2=" " tag="787"><subfield code="a">Vol. 2</subfield><subfield code="h">267 p</subfield><subfield code="t">Termodynamique</subfield></datafield><datafield ind1=" " ind2=" " tag="852"><subfield code="a">14495</subfield><subfield code="c">531</subfield></datafield><datafield ind1=" " ind2=" " tag="CAT"><subfield code="a">Sys</subfield><subfield code="c">20100622</subfield><subfield code="h">130204</subfield></datafield></record></collection>